@InBook{jiang07,
ALTauthor = {Nan Jiang},
ALTeditor = {},
title = {High Performance Computing and Communications},
chapter = {A Data Imputation Model in Sensor Databases},
publisher = {Springer Berlin Heidelberg},
year = {2007},
OPTkey = {•},
OPTvolume = {•},
OPTnumber = {•},
OPTseries = {•},
OPTtype = {•},
OPTaddress = {•},
OPTedition = {•},
OPTmonth = {•},
OPTpages = {pp 86-96},
OPTnote = {•},
OPTannote = {•}
}

@InProceedings{wu,
author = {Jianhua Wu and Qinbao Song and Junyi Shen},
title = {Missing Nominal Data Imputation Using Association Rule Based on Weighted Voting Method},
booktitle = {Proceedings of the International Joint Conference on Neural Networks, IJCNN 2008},
OPTcrossref = {•},
OPTkey = {•},
OPTpages = {1157-1162},
OPTyear = {2008},
OPTeditor = {•},
OPTvolume = {•},
OPTnumber = {•},
OPTseries = {•},
OPTaddress = {June},
OPTmonth = {•},
OPTorganization = {IEEE World Congress on Computational Intelligence},
OPTpublisher = {IEEE},
OPTnote = {•},
OPTannote = {•}
}


@InProceedings{poni,
author = {Chester H. Ponikowski and Jill M. Montaquila},
title = {An Evaluation of Alternative Imputation Methods},
booktitle = {Proceedings of the Section on Survey Research Methods},
OPTcrossref = {•},
OPTkey = {•},
OPTpages = {•},
OPTyear = {1995},
OPTeditor = {•},
OPTvolume = {•},
OPTnumber = {•},
OPTseries = {•},
OPTaddress = {•},
OPTmonth = {•},
OPTorganization = {American Statistical Association},
OPTpublisher = {•},
OPTnote = {•},
OPTannote = {•}
}

@InProceedings{myrt,
author = {Ingunn Myrtveit and Erik Stensrud and Ulf H. Olsson},
title = {Analyzing Data Sets with Missing Data: An Empirical Evaluation of Imputation Methods and Likelihood-based Methods},
booktitle = {IEEE Transactions on Software Engineering},
OPTcrossref = {•},
OPTkey = {•},
OPTpages = {999-1013},
OPTyear = {2001},
OPTeditor = {•},
OPTvolume = {27},
OPTnumber = {11},
OPTseries = {•},
OPTaddress = {•},
OPTmonth = {November},
OPTorganization = {IEEE},
OPTpublisher = {•},
OPTnote = {•},
OPTannote = {•}
}
